@misc{rustunofficialIntroductionLearning,
  author       = {},
  title        = {{I}ntroduction - {L}earning {R}ust {W}ith {E}ntirely {T}oo {M}any {L}inked {L}ists --- rust-unofficial.github.io},
  howpublished = {\url{https://rust-unofficial.github.io/too-many-lists/index.html}},
  year         = {},
  note         = {[Accessed 1-May-2023]}
}

@misc{ycombinatorWritingLinked,
  author       = {},
  title        = {{W}hy writing a linked list in safe {R}ust is so damned hard | {H}acker {N}ews --- news.ycombinator.com},
  howpublished = {\url{https://news.ycombinator.com/item?id=16442743#:~:text=Yeah%2C%20a%20doubly%2Dlinked%20list,first%20program%20you%20might%20choose.}},
  year         = {},
  note         = {[Accessed 1-May-2023]}
}

@misc{docsCriterionRust,
  author       = {},
  title        = {criterion - {R}ust --- docs.rs},
  howpublished = {\url{https://docs.rs/criterion/latest/criterion/}},
  year         = {},
  note         = {[Accessed 1-May-2023]}
}
